<?xml version="1.0" encoding="UTF-8"?>
<marc:record xmlns:marc="http://www.loc.gov/MARC21/slim" xmlns:xsi="http://www.w3.org/2001/XMLSchema-instance" xsi:schemaLocation="http://www.loc.gov/standards/marcxml/schema/MARC21slim.xsd">
  <marc:leader>00000ndm a2200000 u 4500</marc:leader>
  <marc:controlfield tag="001">1001087571</marc:controlfield>
  <marc:controlfield tag="003">DE-633</marc:controlfield>
  <marc:controlfield tag="005">20211027135212.0</marc:controlfield>
  <marc:controlfield tag="008">190924##################################</marc:controlfield>
  <marc:datafield tag="031" ind1=" " ind2=" ">
    <marc:subfield code="a">1</marc:subfield>
    <marc:subfield code="b">1</marc:subfield>
    <marc:subfield code="c">1</marc:subfield>
    <marc:subfield code="d">Recit.</marc:subfield>
    <marc:subfield code="e">Zosia</marc:subfield>
    <marc:subfield code="g">G-2</marc:subfield>
    <marc:subfield code="m">S</marc:subfield>
    <marc:subfield code="o">c</marc:subfield>
    <marc:subfield code="p">4-8''CC4bD8'GbA/''C6b'B-8BB4.''C8'G/bA</marc:subfield>
    <marc:subfield code="q">Text in red ink.</marc:subfield>
    <marc:subfield code="r">C</marc:subfield>
    <marc:subfield code="t">Któż mnie biedną pocieszy</marc:subfield>
    <marc:subfield code="2">pe</marc:subfield>
  </marc:datafield>
  <marc:datafield tag="031" ind1=" " ind2=" ">
    <marc:subfield code="a">1</marc:subfield>
    <marc:subfield code="b">1</marc:subfield>
    <marc:subfield code="c">2</marc:subfield>
    <marc:subfield code="d">Recit.</marc:subfield>
    <marc:subfield code="g">G-2</marc:subfield>
    <marc:subfield code="m">vl 1</marc:subfield>
    <marc:subfield code="o">c</marc:subfield>
    <marc:subfield code="p">1bB/+B/2.bA4G/8G-</marc:subfield>
    <marc:subfield code="r">C</marc:subfield>
    <marc:subfield code="2">pe</marc:subfield>
  </marc:datafield>
  <marc:datafield tag="040" ind1=" " ind2=" ">
    <marc:subfield code="a">DE-633</marc:subfield>
  </marc:datafield>
  <marc:datafield tag="041" ind1="0" ind2=" ">
    <marc:subfield code="e">pol</marc:subfield>
  </marc:datafield>
  <marc:datafield tag="100" ind1="1" ind2=" ">
    <marc:subfield code="a">Moniuszko, Stanisław</marc:subfield>
    <marc:subfield code="d">1819-1872</marc:subfield>
    <marc:subfield code="j">Ascertained</marc:subfield>
    <marc:subfield code="0">pe30008351</marc:subfield>
  </marc:datafield>
  <marc:datafield tag="240" ind1="1" ind2="0">
    <marc:subfield code="a">Flis</marc:subfield>
    <marc:subfield code="k">Excerpts</marc:subfield>
    <marc:subfield code="m">V (2), orch</marc:subfield>
    <marc:subfield code="0">5215005</marc:subfield>
  </marc:datafield>
  <marc:datafield tag="245" ind1="1" ind2="0">
    <marc:subfield code="a">[caption title:] Duet do opery Flis (: No 3 :) | [in red ink:] NB Co pisane czerwonym atramentem nie jest autografem Moniuszki. [in black ink:] pismo czerwone | Adama Minchaj-|mera [Władysław Zahorowski's signature]</marc:subfield>
  </marc:datafield>
  <marc:datafield tag="260" ind1=" " ind2=" ">
    <marc:subfield code="c">[1858]</marc:subfield>
    <marc:subfield code="8">01</marc:subfield>
  </marc:datafield>
  <marc:datafield tag="300" ind1=" " ind2=" ">
    <marc:subfield code="a">1 score: 26 p.</marc:subfield>
    <marc:subfield code="c">35 x 28 cm</marc:subfield>
    <marc:subfield code="8">01</marc:subfield>
  </marc:datafield>
  <marc:datafield tag="500" ind1=" " ind2=" ">
    <marc:subfield code="a">[pl-text: Stemple "Towarzystwo Muzyczne | Sekcja imienia | S. Moniuszki"]</marc:subfield>
  </marc:datafield>
  <marc:datafield tag="500" ind1=" " ind2=" ">
    <marc:subfield code="a">[pl-text: Adnotacja na końcu utworu: "9/VIII 98 r. | [Władysław Zahorowski's signature]".]</marc:subfield>
  </marc:datafield>
  <marc:datafield tag="500" ind1=" " ind2=" ">
    <marc:subfield code="a">[pl-text: Poprawki niebieską kredką i czerwonym atramentem.]</marc:subfield>
  </marc:datafield>
  <marc:datafield tag="591" ind1=" " ind2=" ">
    <marc:subfield code="a">65 d)</marc:subfield>
  </marc:datafield>
  <marc:datafield tag="591" ind1=" " ind2=" ">
    <marc:subfield code="a">Inw. 854</marc:subfield>
  </marc:datafield>
  <marc:datafield tag="593" ind1=" " ind2=" ">
    <marc:subfield code="a">Autograph manuscript</marc:subfield>
    <marc:subfield code="8">01</marc:subfield>
  </marc:datafield>
  <marc:datafield tag="594" ind1=" " ind2=" ">
    <marc:subfield code="b">S</marc:subfield>
    <marc:subfield code="c">1</marc:subfield>
  </marc:datafield>
  <marc:datafield tag="594" ind1=" " ind2=" ">
    <marc:subfield code="b">B</marc:subfield>
    <marc:subfield code="c">1</marc:subfield>
  </marc:datafield>
  <marc:datafield tag="594" ind1=" " ind2=" ">
    <marc:subfield code="b">vl</marc:subfield>
    <marc:subfield code="c">2</marc:subfield>
  </marc:datafield>
  <marc:datafield tag="594" ind1=" " ind2=" ">
    <marc:subfield code="b">vla</marc:subfield>
    <marc:subfield code="c">1</marc:subfield>
  </marc:datafield>
  <marc:datafield tag="594" ind1=" " ind2=" ">
    <marc:subfield code="b">vlc</marc:subfield>
    <marc:subfield code="c">1</marc:subfield>
  </marc:datafield>
  <marc:datafield tag="594" ind1=" " ind2=" ">
    <marc:subfield code="b">b</marc:subfield>
    <marc:subfield code="c">1</marc:subfield>
  </marc:datafield>
  <marc:datafield tag="594" ind1=" " ind2=" ">
    <marc:subfield code="b">fl.picc</marc:subfield>
    <marc:subfield code="c">1</marc:subfield>
  </marc:datafield>
  <marc:datafield tag="594" ind1=" " ind2=" ">
    <marc:subfield code="b">fl</marc:subfield>
    <marc:subfield code="c">1</marc:subfield>
  </marc:datafield>
  <marc:datafield tag="594" ind1=" " ind2=" ">
    <marc:subfield code="b">ob</marc:subfield>
    <marc:subfield code="c">2</marc:subfield>
  </marc:datafield>
  <marc:datafield tag="594" ind1=" " ind2=" ">
    <marc:subfield code="b">cl</marc:subfield>
    <marc:subfield code="c">2</marc:subfield>
  </marc:datafield>
  <marc:datafield tag="594" ind1=" " ind2=" ">
    <marc:subfield code="b">fag</marc:subfield>
    <marc:subfield code="c">2</marc:subfield>
  </marc:datafield>
  <marc:datafield tag="594" ind1=" " ind2=" ">
    <marc:subfield code="b">cor</marc:subfield>
    <marc:subfield code="c">4</marc:subfield>
  </marc:datafield>
  <marc:datafield tag="594" ind1=" " ind2=" ">
    <marc:subfield code="b">tr</marc:subfield>
    <marc:subfield code="c">2</marc:subfield>
  </marc:datafield>
  <marc:datafield tag="594" ind1=" " ind2=" ">
    <marc:subfield code="b">timp</marc:subfield>
    <marc:subfield code="c">1</marc:subfield>
  </marc:datafield>
  <marc:datafield tag="594" ind1=" " ind2=" ">
    <marc:subfield code="b">tamb</marc:subfield>
    <marc:subfield code="c">1</marc:subfield>
  </marc:datafield>
  <marc:datafield tag="594" ind1=" " ind2=" ">
    <marc:subfield code="a">S, B, vl (2), vla, vlc, b, fl.picc, fl, ob (2), cl (2), fag (2), cor (4), tr (2), timp, tamb</marc:subfield>
  </marc:datafield>
  <marc:datafield tag="595" ind1=" " ind2=" ">
    <marc:subfield code="a">Zosia</marc:subfield>
  </marc:datafield>
  <marc:datafield tag="595" ind1=" " ind2=" ">
    <marc:subfield code="a">Szóstak</marc:subfield>
  </marc:datafield>
  <marc:datafield tag="599" ind1=" " ind2=" ">
    <marc:subfield code="b">full</marc:subfield>
  </marc:datafield>
  <marc:datafield tag="650" ind1="0" ind2="7">
    <marc:subfield code="a">Operas</marc:subfield>
    <marc:subfield code="0">25160</marc:subfield>
  </marc:datafield>
  <marc:datafield tag="700" ind1="1" ind2=" ">
    <marc:subfield code="a">Münchheimer, Adam</marc:subfield>
    <marc:subfield code="d">1830-1904</marc:subfield>
    <marc:subfield code="j">Conjectural</marc:subfield>
    <marc:subfield code="0">pe30035835</marc:subfield>
    <marc:subfield code="4">scr</marc:subfield>
  </marc:datafield>
  <marc:datafield tag="700" ind1="1" ind2=" ">
    <marc:subfield code="a">Bogusławski, Stanisław</marc:subfield>
    <marc:subfield code="d">1804-1870</marc:subfield>
    <marc:subfield code="j">Conjectural</marc:subfield>
    <marc:subfield code="0">pe41023959</marc:subfield>
    <marc:subfield code="4">lbt</marc:subfield>
  </marc:datafield>
  <marc:datafield tag="852" ind1=" " ind2=" ">
    <marc:subfield code="a">PL-Wtm</marc:subfield>
    <marc:subfield code="e">Biblioteka, Muzeum i Archiwum Warszawskiego Towarzystwa Muzycznego im. Stanisława Moniuszki</marc:subfield>
    <marc:subfield code="x">ks30000150</marc:subfield>
    <marc:subfield code="c">R 435/M</marc:subfield>
    <marc:subfield code="p"/>
    <marc:subfield code="q"/>
    <marc:subfield code="u"/>
    <marc:subfield code="z"/>
  </marc:datafield>
</marc:record>
